% Encoding: UTF-8

@Article{kg-refinement-survey,
  author    = {Paulheim, Heiko},
  title     = {Knowledge graph refinement: A survey of approaches and evaluation methods},
  journal   = {Semantic Web},
  year      = {2016},
  number    = {Preprint},
  pages     = {1--20},
  publisher = {IOS Press},
}
@inproceedings{knowledge-vault,
  title={Knowledge vault: A web-scale approach to probabilistic knowledge fusion},
  author={Dong, Xin and Gabrilovich, Evgeniy and Heitz, Geremy and Horn, Wilko and Lao, Ni and Murphy, Kevin and Strohmann, Thomas and Sun, Shaohua and Zhang, Wei},
  booktitle={Proceedings of the 20th ACM SIGKDD international conference on Knowledge discovery and data mining},
  pages={601--610},
  year={2014},
  organization={ACM}
}
@inproceedings{subgraph-feature-extraction,
  title={Efficient and expressive knowledge base completion using subgraph feature extraction},
  author={Gardner, Matt and Mitchell, Tom}
}
@inproceedings{path-ranking-algorithm,
  title={Random walk inference and learning in a large scale knowledge base},
  author={Lao, Ni and Mitchell, Tom and Cohen, William W},
  booktitle={Proceedings of the Conference on Empirical Methods in Natural Language Processing},
  pages={529--539},
  year={2011},
  organization={Association for Computational Linguistics}
}
@article{platt-scaling,
  title={Probabilistic outputs for support vector machines and comparisons to regularized likelihood methods},
  author={Platt, John and others},
  year={1999}
}
@inproceedings{neural-tensor-networks-for-kbc,
  title={Reasoning with neural tensor networks for knowledge base completion},
  author={Socher, Richard and Chen, Danqi and Manning, Christopher D and Ng, Andrew},
  booktitle={Advances in Neural Information Processing Systems},
  pages={926--934},
  year={2013}
}
@inproceedings{distant-supervision,
	author = {Mintz, Mike and Bills, Steven and Snow, Rion and Jurafsky, Dan},
	title = {Distant Supervision for Relation Extraction Without Labeled Data},
	booktitle = {Proceedings of the Joint Conference of the 47th Annual Meeting of the ACL and the 4th International Joint Conference on Natural Language Processing of the AFNLP: Volume 2 - Volume 2},
	series = {ACL '09},
	year = {2009},
	isbn = {978-1-932432-46-6},
	location = {Suntec, Singapore},
	pages = {1003--1011},
	numpages = {9},
	url = {http://dl.acm.org/citation.cfm?id=1690219.1690287},
	acmid = {1690287},
	publisher = {Association for Computational Linguistics},
	address = {Stroudsburg, PA, USA},
}
@inproceedings{freebase-wikidata-migration,
  title={From Freebase to Wikidata: The Great Migration},
  author={Pellissier Tanon, Thomas and Vrande{\v{c}}i{\'c}, Denny and Schaffert, Sebastian and Steiner, Thomas and Pintscher, Lydia},
  booktitle={Proceedings of the 25th International Conference on World Wide Web},
  pages={1419--1428},
  year={2016},
  organization={International World Wide Web Conferences Steering Committee}
}
@inproceedings{extending-dbpedia-coverage-using-distant-supervision-over-wikipedia,
	title={Extending the coverage of DBpedia properties using distant supervision over Wikipedia},
	author={Aprosio, Alessio Palmero and Giuliano, Claudio and Lavelli, Alberto},
	booktitle={Proceedings of the 2013th International Conference on NLP \& DBpedia-Volume 1064},
	pages={20--31},
	year={2013},
	organization={CEUR-WS. org}
}
@inproceedings{random-walk-inference,
 author = {Lao, Ni and Mitchell, Tom and Cohen, William W.},
 title = {Random Walk Inference and Learning in a Large Scale Knowledge Base},
 booktitle = {Proceedings of the Conference on Empirical Methods in Natural Language Processing},
 series = {EMNLP '11},
 year = {2011},
 isbn = {978-1-937284-11-4},
 location = {Edinburgh, United Kingdom},
 pages = {529--539},
 numpages = {11},
 url = {http://dl.acm.org/citation.cfm?id=2145432.2145494},
 acmid = {2145494},
 publisher = {Association for Computational Linguistics},
 address = {Stroudsburg, PA, USA},
}
@article{review-of-relational-ml-for-kgs,
  title={A review of relational machine learning for knowledge graphs},
  author={Nickel, Maximilian and Murphy, Kevin and Tresp, Volker and Gabrilovich, Evgeniy},
  journal={arXiv preprint arXiv:1503.00759},
  year={2015}
}
@article{efficient-word-representation-estimation,
  title={Efficient estimation of word representations in vector space},
  author={Mikolov, Tomas and Chen, Kai and Corrado, Greg and Dean, Jeffrey},
  journal={arXiv preprint arXiv:1301.3781},
  year={2013}
}
@article{embedding-entities-and-relations,
  title={Embedding entities and relations for learning and inference in knowledge bases},
  author={Yang, Bishan and Yih, Wen-tau and He, Xiaodong and Gao, Jianfeng and Deng, Li},
  journal={arXiv preprint arXiv:1412.6575},
  year={2014}
}
@inproceedings{reducing-the-rank,
  title={Reducing the rank in relational factorization models by including observable patterns},
  author={Nickel, Maximilian and Jiang, Xueyan and Tresp, Volker},
  booktitle={Advances in Neural Information Processing Systems},
  pages={1179--1187},
  year={2014}
}
@inproceedings{rescal,
  title={A three-way model for collective learning on multi-relational data},
  author={Nickel, Maximilian and Tresp, Volker and Kriegel, Hans-Peter},
  booktitle={Proceedings of the 28th international conference on machine learning (ICML-11)},
  pages={809--816},
  year={2011}
}
@inproceedings{structured-embeddings,
  title={Learning structured embeddings of knowledge bases},
  author={Bordes, Antoine and Weston, Jason and Collobert, Ronan and Bengio, Yoshua},
  booktitle={Conference on Artificial Intelligence},
  number={EPFL-CONF-192344},
  year={2011}
}
@inproceedings{transe,
  title={Translating embeddings for modeling multi-relational data},
  author={Bordes, Antoine and Usunier, Nicolas and Garcia-Duran, Alberto and Weston, Jason and Yakhnenko, Oksana},
  booktitle={Advances in Neural Information Processing Systems},
  pages={2787--2795},
  year={2013}
}
@inproceedings{dbpedia-spotlight,
  title = {Improving Efficiency and Accuracy in Multilingual Entity Extraction},
  author = {Joachim Daiber and Max Jakob and Chris Hokamp and Pablo N. Mendes},
  year = {2013},
  booktitle = {Proceedings of the 9th International Conference on Semantic Systems (I-Semantics)}
}
@InProceedings{stanford-corenlp,
  author    = {Manning, Christopher D. and  Surdeanu, Mihai  and  Bauer, John  and  Finkel, Jenny  and  Bethard, Steven J. and  McClosky, David},
  title     = {The {Stanford} {CoreNLP} Natural Language Processing Toolkit},
  booktitle = {Association for Computational Linguistics (ACL) System Demonstrations},
  year      = {2014},
  pages     = {55--60},
  url       = {http://www.aclweb.org/anthology/P/P14/P14-5010}
}

@Comment{jabref-meta: databaseType:bibtex;}
